
@book{yangEngineeringMathematicsExamples2017,
	address = {London ; San Diego, CA},
	title = {Engineering mathematics with examples and applications},
	isbn = {978-0-12-809730-4},
	language = {en},
	publisher = {Academic Press, an imprint of Elsevier},
	author = {Yang, Xin-She},
	year = {2017},
	keywords = {Engineering mathematics, Outlines, syllabi, etc, Problems, exercises, etc},
	file = {Yang - 2017 - Engineering mathematics with examples and applicat.pdf:/Users/michaltakac/Zotero/storage/SXIAJRUU/Yang - 2017 - Engineering mathematics with examples and applicat.pdf:application/pdf}
}

@incollection{Neumaier2004,
	address = {Boston, MA},
	title = {Mathematical model building},
	isbn = {978-1-4613-0215-5},
	url = {https://doi.org/10.1007/978-1-4613-0215-5},
	abstract = {Some notes on mathematical modeling, listing motivations, applications, a numerical toolkit, general modeling rules, modeling conflicts, useful attitudes, and structuring the modeling work into 16 related activities by means of a novel modeling diagram.},
	booktitle = {Modeling languages in mathematical optimization},
	publisher = {Springer US},
	author = {Neumaier, Arnold},
	editor = {Kallrath, Josef},
	year = {2004},
	doi = {10.1007/978-1-4613-0215-5},
	pages = {37--43}
}
