@misc{summitvr,
	author = {SciVista},
	title = {{SummitVR}},
	year = 2021,
	url = {https://www.scivista.com/summitvr},
	howpublished = {[Accessed 2021-06-04]}
}

@misc{victorMagicInk2006,
	author = {Victor, Bret},
	title = {Magic Ink: Information Software and The Graphical Interface},
	year = 2006,
	url = {http://worrydream.com/MagicInk/},
	howpublished = {[Accessed 2021-06-04]}
}

@misc{forge2016,
	author = {Kloppenborg, Brian},
	title = {Forge: A High-Performance Visualization Library},
	year = 2016,
	url = {https://on-demand.gputechconf.com/gtc/2016/presentation/s6478-brian-kloppenborg-arrayfire-forge.pdf},
	howpublished = {[Accessed 2021-06-05]}
}
