
@book{rago2015numerical,
	title = {Numerical simulation: {Theory} and analysis},
	isbn = {978-1-63240-399-5},
	url = {https://books.google.sk/books?id=nRwdrgEACAAJ},
	publisher = {Clanrye International},
	author = {Rago, G.},
	year = {2015}
}
