@thesis{HEIDLER2011thesis,
	author = {Václav Heidler},
	title = {Numerické řešení modelu mělké vody pomocí Lattice Boltzmannovy metody [online]},
	year = 2011,
	type = "Diplomová práca", 
	school = "Západočeská univerzita v Plzni, Fakulta aplikovaných věd, Plzeň",
	supervisor = "Doc. Ing. Jan Vimmr, Ph.D.", 
	url = {\url{https://theses.cz/id/06i4dm/}},
}

@electronic{Mele2013,
	author    = {Igor Mele},
	title     = {Lattice Boltzmann method},
	url       = {\url{http://mafija.fmf.uni-lj.si/seminar/files/2012_2013/Lattice_Boltzmann_method.pdf}},
	year = 2013,
	month = march,
	day =1
}

@misc{Soga2020,
	author    = {Kenichi Soga and Krishna Kumar and Michael Gardner and Reihaneh Hosseni and Qiuyu Wang},
	title     = {Lattice Boltzmann method},
	url       = {\url{https://www.cb-geo.com/research/lbm/}},
	year = 2020,
	month = march,
	day =1
}

