






@article{doi:10.1179/cmq.2005.44.2.249,
author = {E. FRITZ and W. GEBERT},
title = {MILESTONES AND CHALLENGES IN OXYGEN STEELMAKING},
journal = {Canadian Metallurgical Quarterly},
volume = {44},
number = {2},
pages = {249-260},
year  = {2005},
publisher = {Taylor & Francis},
doi = {10.1179/cmq.2005.44.2.249},

URL = { 
        https://doi.org/10.1179/cmq.2005.44.2.249
    
},
eprint = { 
        https://doi.org/10.1179/cmq.2005.44.2.249
    
}
,
    abstract = { AbstractThis paper reviews the history, developments and 10 milestones of the oxygen steelmaking processes with a special focus on conventional autothermic converters, high speed converters with a blowing rate up to 5 m3 n/t min (Normal m3 of O2 per metric tonne of steel per minute) and allothermic converters with coal addition, post-combustion and the possibility to increase the scrap rate up to 50\%. Related operating results are introduced. A new process route which is based on hot metal and chromium ore is outlined. The cost advantage for the production of 304 stainless steel grade is higher than 100 US/ton. The synthesis of electric arc furnace (EAF) and oxygen converter steelmaking, a comparison of decarburization rates, refining combustion burners for optimized oxygen management in an EAF and an example for a large advanced EAF are outlined. Possibilities of flexible steelmaking and the growth and outlook of worldwide oxygen steelmaking are described.Cet article examine l’histoire, le développement et 10 étapes clés des procédés d’élaboration de l’acier à l’oxygène, avec une attention spéciale aux convertisseurs autothermes conventionnels, aux convertisseurs à haute vitesse avec taux de soufflage jusqu’à 5 m3 n/t min (m3 d’O2 normal par tonne métrique d’acier par minute) et aux convertisseurs allothermes avec addition de charbon, l’après combustion et la possibilité d’augmenter le taux de ferraille jusqu’à 50\%. On introduit les résultats d’opération qui y sont associés. On souligne une nouvelle séquence de traitement qui est basée sur le métal chaud et le minerai de chrome. L’avantage économique de la production d’acier inoxydable de nuance 304 est de plus de 100 U.S/tonne. On souligne la synthèse de l’élaboration de l’acier au four électrique à arc (EAF) et au convertisseur à oxygène, une comparaison des taux de décarburation, des brûleurs de combustion d’affinage pour une gestion optimisée de l’oxygène dans un EAF et un exemple pour un grand EAF d’avant-garde. On décrit les possibilités de l’élaboration flexible de l’acier et la croissance et les perspectives mondiales de l’élaboration à l’oxygène de l’acier. }
}


