@article{Wang2004,
	author = {Wang, Q. H. and Li, J. R.},
	disableddoi = {10.1007/s10055-004-0127-z},
	file = {:Users/michaltakac/Documents/Research/virtual reality/A desktop VR prototype for industrial training applications.pdf:pdf},
	isbn = {1005500401},
	issn = {13594338},
	journal = {Virtual Reality},
	keywords = {Computer-based training,Desktop virtual environment,Virtual reality,Visibility culling},
	number = {3-4},
	pages = {187--197},
	title = {{A desktop VR prototype for industrial training applications}},
	volume = {7},
	year = {2004}
}


@book{turkdogan1996,
	author    = {E. T. Turkdogan}, 
	title     = {The title of the work},
	publisher = {Institute of Materials, University of Michigan},
	year      = 1996,
	address   = {The address},
	isbn      = {1906540977}
}