@techreport{Sprava2018,
author = {Laciak, Marek and Petr{\'{a}}{\v{s}}, Ivo and Terp{\'{a}}k, J{\'{a}}n and Ka{\v{c}}ur, J{\'{a}}n and Flegner, Patrik and Durd{\'{a}}n, Milan and Tr{\'{e}}fa, Gabriel},
file = {:Users/michaltakac/Documents/Skola/phd-doktorand/phd-study/teoria-procesov/Sprava{\_}2018{\_}fin.pdf:pdf},
institution = {Institute of Control and Informatization of Production Processes},
pages = {72},
title = {{V{\'{y}}skum nepriameho merania teploty a uhl{\'{i}}ka v procese skuj≈àovania}},
year = {2018}
}
